<?xml version="1.0" encoding="UTF-8"?><collection xmlns="http://www.loc.gov/MARC21/slim">
  <record>
    <leader>01025cam a2200289 a 4500</leader>
    <controlfield tag="001">1629059</controlfield>
    <controlfield tag="003">SIRSI</controlfield>
    <controlfield tag="005">19910712000000.0</controlfield>
    <controlfield tag="008">860723m19859999ru ac    b    000 0cruso </controlfield>
    <datafield tag="010" ind1=" " ind2=" ">
      <subfield code="a">   86169543</subfield>
    </datafield>
    <datafield tag="020" ind1=" " ind2=" ">
      <subfield code="c">1.20rub (ch. 1)</subfield>
    </datafield>
    <datafield tag="035" ind1=" " ind2=" ">
      <subfield code="a">(CStRLIN)CSUG86-B68619</subfield>
    </datafield>
    <datafield tag="035" ind1=" " ind2=" ">
      <subfield code="a">(OCoLC-M)15600303</subfield>
    </datafield>
    <datafield tag="035" ind1=" " ind2=" ">
      <subfield code="a">(OCoLC-I)273735471</subfield>
    </datafield>
    <datafield tag="040" ind1=" " ind2=" ">
      <subfield code="d">CSt</subfield>
      <subfield code="d">OrLoB</subfield>
    </datafield>
    <datafield tag="050" ind1="0" ind2=" ">
      <subfield code="a">T212</subfield>
      <subfield code="b">.S29 1985</subfield>
    </datafield>
    <datafield tag="100" ind1="1" ind2=" ">
      <subfield code="a">Savelʹev, N. I͡A.</subfield>
      <subfield code="q">(Nikolaĭ I͡Akovlevich),</subfield>
      <subfield code="d">1908-1967.</subfield>
    </datafield>
    <datafield tag="245" ind1="1" ind2="0">
      <subfield code="a">Syny Altai͡a i Otechestva /</subfield>
      <subfield code="c">N.I͡A. Savelʹev.</subfield>
    </datafield>
    <datafield tag="260" ind1=" " ind2=" ">
      <subfield code="a">Barnaul :</subfield>
      <subfield code="b">Altaĭskoe knizhnoe izd-vo,</subfield>
      <subfield code="c">1985-</subfield>
    </datafield>
    <datafield tag="300" ind1=" " ind2=" ">
      <subfield code="a">v. :</subfield>
      <subfield code="b">ill., ports. ;</subfield>
      <subfield code="c">21 cm.</subfield>
    </datafield>
    <datafield tag="504" ind1=" " ind2=" ">
      <subfield code="a">Includes bibliographies.</subfield>
    </datafield>
    <datafield tag="505" ind1="1" ind2=" ">
      <subfield code="a">Ch. 1. Mastera khrustalʹnogo dela. Filipp Vasilʹevich Struzhkov. Kozʹma Dmitrievich Frolov. V starom Salaire -- ch. 2. Mekhanikus Ivan Polzunov -</subfield>
    </datafield>
    <datafield tag="596" ind1=" " ind2=" ">
      <subfield code="a">1</subfield>
    </datafield>
    <datafield tag="650" ind1=" " ind2="0">
      <subfield code="a">Inventors</subfield>
      <subfield code="z">Russia (Federation)</subfield>
      <subfield code="z">Siberia</subfield>
      <subfield code="x">Biography.</subfield>
    </datafield>
    <datafield tag="650" ind1=" " ind2="0">
      <subfield code="a">Industries</subfield>
      <subfield code="z">Altai Mountains Region</subfield>
      <subfield code="x">History.</subfield>
    </datafield>
    <datafield tag="901" ind1=" " ind2=" ">
      <subfield code="a">Vol. 2, 1988</subfield>
    </datafield>
    <datafield tag="942" ind1=" " ind2=" ">
      <subfield code="s">a</subfield>
      <subfield code="a">xtn</subfield>
    </datafield>
  </record>
</collection>
